\begin{thebibliography}{8}
\bibitem{compton_total} Bailey, Paul, \textit{Measurement of the Compton Total Cross Section}, https://www.physics.utoronto.ca/~phy326/comp/comp.pdf
\bibitem{delprete_normalreg} T. Del Prete, \textit{Methods of Statistical Data Analysis in High Energy Physics}, 2010 DRAFT, p. 207
\bibitem{X_Ray} J. E. Parks,  The Compton Effect--Compton Scattering and Gamma Ray, http://www.phys.utk.edu/labs/modphys/Compton\%20Scattering\%20Experiment.pdf
\end{thebibliography}